<record><leader>00000cas a2200000 a 4500</leader><controlfield tag="001">35126385</controlfield><controlfield tag="007">hd afb017bacp</controlfield><controlfield tag="007">hd bfb017baap</controlfield><controlfield tag="007">hd bfb017babp</controlfield><controlfield tag="008">960723c19259999fluwr nea     0    0eng c</controlfield><datafield ind1=" " ind2=" " tag="010"><subfield code="a">sn 96027464 </subfield></datafield><datafield ind1=" " ind2=" " tag="040"><subfield code="a">FUG</subfield><subfield code="b">eng</subfield><subfield code="c">FUG</subfield><subfield code="d">OCLCQ</subfield><subfield code="d">OCLCF</subfield><subfield code="d">OCLCO</subfield></datafield><datafield ind1=" " ind2=" " tag="012"><subfield code="i">9607</subfield></datafield><datafield ind1="1" ind2=" " tag="029"><subfield code="a">NZ1</subfield><subfield code="b">2168871</subfield></datafield><datafield ind1="1" ind2=" " tag="029"><subfield code="a">AU@</subfield><subfield code="b">000013352486</subfield></datafield><datafield ind1=" " ind2=" " tag="037"><subfield code="b">George A. Smathers Libraries, University of Florida, Preservation Office, Gainesville, FL 32611</subfield></datafield><datafield ind1=" " ind2=" " tag="042"><subfield code="a">pcc</subfield></datafield><datafield ind1=" " ind2=" " tag="043"><subfield code="a">n-us-fl</subfield></datafield><datafield ind1="0" ind2="4" tag="245"><subfield code="a">The Gulf County breeze</subfield><subfield code="h">[microform].</subfield></datafield><datafield ind1=" " ind2=" " tag="260"><subfield code="a">Wewahitchka, Gulf County, Fla. :</subfield><subfield code="b">C.F. Hanlon</subfield></datafield><datafield ind1=" " ind2=" " tag="300"><subfield code="a">v.</subfield></datafield><datafield ind1=" " ind2=" " tag="310"><subfield code="a">Weekly</subfield></datafield><datafield ind1="1" ind2=" " tag="362"><subfield code="a">Began in 1925?</subfield></datafield><datafield ind1=" " ind2=" " tag="500"><subfield code="a">"Official organ of Gulf County."</subfield></datafield><datafield ind1=" " ind2=" " tag="500"><subfield code="a">Publisher: C.F. Hanlon, &lt;1926-1946&gt;.</subfield></datafield><datafield ind1=" " ind2=" " tag="588"><subfield code="a">Description based on: Vol. 1, no. 29 (Feb. 5, 1926).</subfield></datafield><datafield ind1=" " ind2=" " tag="588"><subfield code="a">Latest issue consulted: 69th year, no. 1 (Mar. 17, 1995).</subfield></datafield><datafield ind1=" " ind2=" " tag="533"><subfield code="a">Microfilm.</subfield><subfield code="m">v.61:no. 48- (Aug. 20, 1987- )</subfield><subfield code="b">Gainesville, FL :</subfield><subfield code="c">George A. Smathers Libraries, University of Florida,</subfield><subfield code="d">1989-</subfield><subfield code="e">microfilm reel(s) ; 35 mm.</subfield></datafield><datafield ind1=" " ind2=" " tag="539"><subfield code="a">c</subfield><subfield code="b">1987</subfield><subfield code="c">9999</subfield><subfield code="d">flu</subfield><subfield code="e">u</subfield><subfield code="f">u</subfield><subfield code="g">a</subfield></datafield><datafield ind1=" " ind2="0" tag="651"><subfield code="a">Wewahitchka (Fla.)</subfield><subfield code="v">Newspapers.</subfield></datafield><datafield ind1=" " ind2="0" tag="651"><subfield code="a">Gulf County (Fla.)</subfield><subfield code="v">Newspapers.</subfield></datafield><datafield ind1=" " ind2="7" tag="655"><subfield code="a">Newspapers.</subfield><subfield code="2">fast</subfield><subfield code="0">(OCoLC)fst01423814</subfield></datafield><datafield ind1=" " ind2="7" tag="651"><subfield code="a">Florida</subfield><subfield code="z">Gulf County.</subfield><subfield code="2">fast</subfield><subfield code="0">(OCoLC)fst01215214</subfield></datafield><datafield ind1=" " ind2="7" tag="651"><subfield code="a">Florida</subfield><subfield code="z">Wewahitchka.</subfield><subfield code="2">fast</subfield><subfield code="0">(OCoLC)fst01215385</subfield></datafield><datafield ind1=" " ind2=" " tag="752"><subfield code="a">United States</subfield><subfield code="b">Florida</subfield><subfield code="c">Gulf</subfield><subfield code="d">Wewahitchka.</subfield></datafield><datafield ind1="1" ind2=" " tag="776"><subfield code="c">Original</subfield><subfield code="w">(DLC)sn 96027140</subfield><subfield code="w">(OCoLC)1456402</subfield></datafield><datafield ind1=" " ind2=" " tag="850"><subfield code="a">FU</subfield><subfield code="a">FU (master)</subfield></datafield></record>